@article{higgott2021subsystem,
  title={Subsystem codes with high thresholds by gauge fixing and reduced qubit overhead},
  author={Higgott, Oscar and Breuckmann, Nikolas P},
  journal={Physical Review X},
  volume={11},
  number={3},
  pages={031039},
  year={2021},
  publisher={APS}
}

@masterthesis{nbreuckmann,
    author = {Breuckmann, Nikolas P},
    title ={Quantum Subsystem Codes: Their Theory and Use},
    school ={RWTH Aachen University} ,
    year ={2011} 
}
@inproceedings{li2020numerical,
  title={A numerical study of bravyi-bacon-shor and subsystem hypergraph product codes},
  author={Li, Muyuan and Yoder, Theodore J},
  booktitle={2020 IEEE International Conference on Quantum Computing and Engineering (QCE)},
  pages={109--119},
  year={2020},
  organization={IEEE}
}
@article{yoder2019optimal,
  title={Optimal quantum subsystem codes in two dimensions},
  author={Yoder, Theodore J},
  journal={Physical Review A},
  volume={99},
  number={5},
  pages={052333},
  year={2019},
  publisher={APS}
}
@article{wilde2009logical,
  title={Logical operators of quantum codes},
  author={Wilde, Mark M},
  journal={Physical Review A},
  volume={79},
  number={6},
  pages={062322},
  year={2009},
  publisher={APS}
}
@article{crosswhite2011automated,
  title={Automated searching for quantum subsystem codes},
  author={Crosswhite, Gregory M and Bacon, Dave},
  journal={Physical Review A},
  volume={83},
  number={2},
  pages={022307},
  year={2011},
  publisher={APS}
}
@article{huang2023graphical,
  title={Graphical CSS Code Transformation Using ZX Calculus},
  author={Huang, Jiaxin and Li, Sarah Meng and Yeh, Lia and Kissinger, Aleks and Mosca, Michele and Vasmer, Michael},
  journal={arXiv preprint arXiv:2307.02437},
  year={2023}
}
@article{raveendran2022finite,
  title={Finite rate QLDPC-GKP coding scheme that surpasses the CSS Hamming bound},
  author={Raveendran, Nithin and Rengaswamy, Narayanan and Rozp{\k{e}}dek, Filip and Raina, Ankur and Jiang, Liang and Vasi{\'c}, Bane},
  journal={Quantum},
  volume={6},
  pages={767},
  year={2022},
  publisher={Verein zur F{\"o}rderung des Open Access Publizierens in den Quantenwissenschaften}
}
@article{panteleev2021quantum,
  title={Quantum LDPC codes with almost linear minimum distance},
  author={Panteleev, Pavel and Kalachev, Gleb},
  journal={IEEE Transactions on Information Theory},
  volume={68},
  number={1},
  pages={213--229},
  year={2021},
  publisher={IEEE}
}
@inproceedings{rengaswamy2018synthesis,
  title={Synthesis of logical Clifford operators via symplectic geometry},
  author={Rengaswamy, Narayanan and Calderbank, Robert and Pfister, Henry D and Kadhe, Swanand},
  booktitle={2018 IEEE International Symposium on Information Theory (ISIT)},
  pages={791--795},
  year={2018},
  organization={IEEE}
}
@article{ryan2004introduction,
  title={An introduction to LDPC codes},
  author={Ryan, William E and others},
  journal={CRC Handbook for Coding and Signal Processing for Recording Systems},
  volume={5},
  number={2},
  pages={1--23},
  year={2004},
  publisher={CRC Press Boca Raton, FL, USA}
}
@article{chimal2022generator,
  title={Generator Matrices of Quasi-cyclic Codes over Extension Fields Obtained from Gr{\"o}bner Basis},
  author={Chimal-Dzul, Henry and Lieb, Julia and Rosenthal, Joachim},
  journal={IFAC-PapersOnLine},
  volume={55},
  number={30},
  pages={61--66},
  year={2022},
  publisher={Elsevier}
}

@article{Aaronson-pra04,
  title={Improved simulation of stabilizer circuits},
  author={Aaronson, Scott and Gottesman, Daniel},
  journal={Physical Review A},
  volume={70},
  number={5},
  pages={052328},
  year={2004},
  publisher={APS},
  url={https://arxiv.org/abs/quant-ph/0406196}
}

@article{Dehaene-pra03,
  title={Clifford group, stabilizer states, and linear and quadratic operations over {GF}(2)},
  author={Dehaene, Jeroen and De Moor, Bart},
  journal={Physical Review A},
  volume={68},
  number={4},
  pages={042318},
  year={2003},
  publisher={APS},
  url={https://arxiv.org/abs/quant-ph/0304125}
}
